@article{higham2019new,
  title={A new approach to probabilistic rounding error analysis},
  author={Higham, Nicholas J and Mary, Theo},
  journal={SIAM Journal on Scientific Computing},
  volume={41},
  number={5},
  pages={A2815--A2835},
  year={2019},
  publisher={SIAM}
}

@article{higham1993accuracy,
    title={The accuracy of floating point summation},
    author={Higham, Nicholas J},
    journal={SIAM Journal on Scientific Computing},
    volume={14},
    number={4},
    pages={783--799},
    year={1993},
    publisher={SIAM}
}

@book{muller2006elementary,
    title={Elementary functions},
    author={Muller, Jean-Michel},
    year={2006},
    publisher={Springer}
}

@article{dowell1972pegasus,
  title={The “Pegasus” method for computing the root of an equation},
  author={Dowell, M and Jarratt, P},
  journal={BIT Numerical Mathematics},
  volume={12},
  pages={503--508},
  year={1972},
  publisher={Springer}
}

@article{king1973improved,
  title={An improved Pegasus method for root finding},
  author={King, Richard F},
  journal={BIT Numerical Mathematics},
  volume={13},
  pages={423--427},
  year={1973},
  publisher={Springer}
}

@article{anderson1973new,
  title={A new high order method of regula falsi type for computing a root of an equation},
  author={Anderson, Ned and Bj{\"o}rck, {\AA}ke},
  journal={BIT Numerical Mathematics},
  volume={13},
  number={3},
  pages={253--264},
  year={1973},
  publisher={Springer}
}